@article{,
file = {:E\:/escuela/1er A{\~{n}}o/LIBROS DE CALCULO/integracinporcambiodevariable-120409051829-phpapp01.pdf:pdf},
title = {{Pasos para integrar por cambio de variable}}
}
@misc{,
file = {:E\:/escuela/1er A{\~{n}}o/LIBROS DE CALCULO/Calculo Diferencial e Integral - Stefan Banach 2da Edici{\'{o}}n.pdf:pdf},
title = {{Calculo Diferencial e Integral - Stefan Banach 2da Edici{\'{o}}n.pdf}}
}
@book{Baranenkov1967,
address = {Mosc{\'{u}}},
author = {Baranenkov, G. and Demidovich, B. and Efimenko, V. and Kogan, S. and Lunts, G. and Porshneva, E. and Sichova, E. and Frolov, S. and Shostak, R. and Yanpolski, A.},
edition = {2da edici{\'{o}}},
file = {:E\:/Trabajo/ITM/Libros/Demidovich.pdf:pdf},
pages = {526},
publisher = {Editorial Mir},
title = {{Problemas de Ejercicios de An{\'{a}}lisis Matem{\'{a}}tico}},
year = {1967}
}
@incollection{ConcepcionValdesCastro2014,
author = {{Concepci{\'{o}}n, Vald{\'{e}}s Castro}, Facultad de Matem{\'{a}}tica y Computaci{\'{o}}n Universidad de La Habana and {Carlos, S{\'{a}}nchez Fern{\'{a}}ndez}, Facultad de Matem{\'{a}}tica y Computaci{\'{o}}n Universidad de La Habana},
booktitle = {An{\'{a}}lisis de funciones de una variable},
chapter = {III},
file = {:E\:/Trabajo/teletrabajo/mes_enero21/folleto/CapIII.Continuidad un espacio).pdf:pdf},
pages = {119--156},
title = {{An{\'{a}}lisis de funciones de una variable}},
year = {2014}
}
@incollection{ConcepcionValdesCastro2014a,
author = {{Concepci{\'{o}}n, Vald{\'{e}}s Castro}, Facultad de Matem{\'{a}}tica y Computaci{\'{o}}n Universidad de La Habana and {Carlos, S{\'{a}}nchez Fern{\'{a}}ndez}, Facultad de Matem{\'{a}}tica y Computaci{\'{o}}n Universidad de La Habana},
booktitle = {An{\'{a}}lisis de funciones de una variable},
chapter = {IV},
file = {:E\:/Trabajo/teletrabajo/mes_enero21/folleto/CapIV.Derivadas13-14(un espacio).pdf:pdf},
title = {{An{\'{a}}lisis de funciones de una variable}},
year = {2014}
}
@incollection{ConcepcionValdesCastro2014b,
author = {{Concepci{\'{o}}n, Vald{\'{e}}s Castro}, Facultad de Matem{\'{a}}tica y Computaci{\'{o}}n Universidad de La Habana and {Carlos, S{\'{a}}nchez Fern{\'{a}}ndez}, Facultad de Matem{\'{a}}tica y Computaci{\'{o}}n Universidad de La Habana},
booktitle = {An{\'{a}}lisis de funciones de una variable},
chapter = {II},
file = {:E\:/Trabajo/teletrabajo/mes_enero21/folleto/Cap.II Limite Funciones (un espacio).pdf:pdf},
pages = {74--118},
title = {{An{\'{a}}lisis de funciones de una variable}},
year = {2014}
}
@incollection{ConcepcionValdesCastro2014c,
author = {{Concepci{\'{o}}n, Vald{\'{e}}s Castro}, Facultad de Matem{\'{a}}tica y Computaci{\'{o}}n Universidad de La Habana and {Carlos, S{\'{a}}nchez Fern{\'{a}}ndez}, Facultad de Matem{\'{a}}tica y Computaci{\'{o}}n Universidad de La Habana},
booktitle = {An{\'{a}}lisis de funciones de una variable},
chapter = {I},
file = {:E\:/Trabajo/teletrabajo/mes_enero21/folleto/Cap.I Preliminares.pdf:pdf},
pages = {73},
title = {{An{\'{a}}lisis de funciones de una variable}},
year = {2014}
}
@incollection{ConcepcionValdesCastro2014d,
author = {{Concepci{\'{o}}n, Vald{\'{e}}s Castro}, Facultad de Matem{\'{a}}tica y Computaci{\'{o}}n Universidad de La Habana and {Carlos, S{\'{a}}nchez Fern{\'{a}}ndez}, Facultad de Matem{\'{a}}tica y Computaci{\'{o}}n Universidad de La Habana},
booktitle = {An{\'{a}}lisis de funciones de una variable},
chapter = {V},
file = {:E\:/Trabajo/teletrabajo/mes_enero21/folleto/CapV.Integrales(un espacio).pdf:pdf},
pages = {240--298},
title = {{An{\'{a}}lisis de funciones de una variable}},
year = {2014}
}
@book{Eduardo2002,
author = {Eduardo, Espinoza Ramos},
edition = {3ra Edici{\'{o}}},
file = {:E\:/escuela/1er A{\~{n}}o/LIBROS DE CALCULO/Analisis matematico II Eduardo Espinoza unlock.pdf:pdf},
number = {x},
pages = {674},
title = {{An{\'{a}}lisis Matem{\'{a}}tico II para estudiantes de Ciencia e Ingiener{\'{i}}a}},
year = {2002}
}
@book{N.1977,
author = {N., Piskunov},
edition = {3ra},
file = {:E\:/escuela/1er A{\~{n}}o/LIBROS DE CALCULO/CALCULO DIFERENCIAL E INTEGRAL II.pdf:pdf},
pages = {451},
title = {{C{\'{a}}lculo diferencial e integral}},
year = {1977}
}
@book{N.1977a,
author = {N., Piskunov},
edition = {3ra},
file = {:E\:/escuela/1er A{\~{n}}o/LIBROS DE CALCULO/CALCULO DIFERENCIAL E INTEGRAL I.pdf:pdf},
pages = {543},
title = {{C{\'{a}}lculo diferencial e integral}},
year = {1977}
}
@book{Spivak1996,
address = {M{\'{e}}xico D.F.},
author = {Spivak, Michael},
edition = {2da Edici{\'{o}}},
file = {:E\:/Trabajo/ITM/Libros/7-Calculus Vols I y II-Spivak.pdf:pdf},
pages = {920},
publisher = {Editorial Revert{\'{e}}, S.A.},
title = {{C{\'{a}}lculo infinitesimal}},
year = {1996}
}
@book{Ramos2012,
author = {Ramos, Eduardo Espinoza},
file = {:E\:/escuela/1er A{\~{n}}o/LIBROS DE CALCULO/Solucionario Analisis Matematico II - By Priale.pdf:pdf},
pages = {832},
title = {{An{\'{a}}lisis Matem{\'{a}}tico II}},
url = {www.solucionarios.net},
year = {2012}
}
@article{Partes,
author = {Partes, Integraci{\'{o}}n P O R},
file = {:E\:/escuela/1er A{\~{n}}o/LIBROS DE CALCULO/integracion por partes.pdf:pdf},
number = {x},
pages = {1--7},
title = {{INTEGRACI{\'{O}}N POR PARTES Y POR DESCOMPOSICI{\'{O}}N EN FRACCIONES SIMPLES INTEGRACI{\'{O}}N POR PARTES Este m{\'{e}}todo permite resolver un gran n{\'{u}}mero de integrales no inmediatas. 1. Sean}}
}
